% Bibliografía

% Este fichero contiene la bibliografía de la memoria
% Está en un formato que se conoce como BibTex.
% Hay muchos sitios web que exportan referencias en formato BibTeX. 
% Prueba a buscar en http://scholar.google.com por referencias
% y verás que lo puedes hacer de manera sencilla.
% Más información: 
% http://texblog.org/2014/04/22/using-google-scholar-to-download-bibtex-citations/

% Existen varias posibilidades para referenciar diferentes tipos de documentos,
% ya que los datos necesarios varían. Así, existen formatos de entrada para
%     * libros (book)
%     * artículos en revistas de investigación (article)
%     * capítulos de libro (incollection)
%     * informes técnicos (techreport)
%     * otros (misc)
%
% Las páginas web deberían ir como misc.

% Una última cosa: no referencias nunca la WikiPedia
% La WikiPedia, como buena enciclopedia, no es fuente primaria.
% Si acaso, busca por citas en la WikiPedia (que sí ha de referenciar fuentes
% primarias) y haz referencia a las mismas.

@Book{bonabeau:_swarm,
  author = 	 {Eric Bonabeau and Marco Dorigo and Guy Theraulaz},
  title = 	 {Swarm Intelligence: From Natural to Articial Systems},
  publisher = 	 {Oxford University Press, Inc.},
  year = 	 1999
}

@Article{parnas72:_modules,
 author = {David L. Parnas},
 title = {On the criteria to be used in decomposing systems into modules},
 journal = CACM,
 volume = 15,
 year = 1972,
 pages = {1053-1058}
}

@InCollection{GBarahona04:_debian,
   author =       {González-Barahona, Jesús M. and Robles, Gregorio and
                   Ortuño Pérez, Miguel and Rodero-Merino, Luis and
                   Centeno González, José and Matellan-Olivera, Vicente and
                   Castro-Barbero, Eva and de-las-Heras-Quirós, Pedro},
   title =        {Analyzing the anatomy of {GNU/L}inux distributions:
                   methodology and case studies ({R}ed {H}at and {D}ebian)},
   pages =        {27-58},
   editor =       {Koch, Stefan},
   booktitle =    {Free/Open Source Software Development},
   publisher =    {Idea Group Publishing},
   address =      {Hershey, Pennsylvania, USA},
   year =         {2004},
}

@TechReport{ghosh02:_developer_survey,
  author = 	 {Rishab Aiyer Ghosh and Ruediger Glott and Bernhard Krieger and Gregorio Robles},
  title = 	 {Survey of Developers (Free/Libre and Open Source Software: Survey and Study)},
  institution =  {International Institute of Infonomics. University of Maastricht},
  year = 	 2002,
  address =	 {The Netherlands},
  month =	 jun,
  note =	 {\\ http://www.infonomics.nl/FLOSS/report}
}

@TechReport{ghosh02:_developer_survey,
  author = 	 {Rishab Aiyer Ghosh and Ruediger Glott and Bernhard Krieger and Gregorio Robles},
  title = 	 {Survey of Developers (Free/Libre and Open Source Software: Survey and Study)},
  institution =  {International Institute of Infonomics. University of Maastricht},

}

@Misc{González01:Web_XR,
  author =	 {Carlos González González},
  title =	 {Web XR: Explorando la Realidad Extendida en la Web},
  month =	 may,  
  year = 	 2023,
  note =	 {\\ https://www.onirix.com/es/webxr-ejemplos-desarrollo-realidad-extendida/}
}


@Misc{wheeler01:_more_than_gigab,
  author =	 {David A. Wheeler},
  title =	 {More Than a Gigabuck: {E}stimating {GNU/L}inux's Size},
  month =	 jun,
  year =	 2001,
  note =	 {\\ http://www.dwheeler.com/sloc/redhat71-v1/redhat71sloc.html}
}

@inproceedings{robles2005self,
  title={Self-organized development in libre software:
         a model based on the stigmergy concept},
  author={Robles, Gregorio and Merelo, Juan Juli\'an 
          and Gonz\'alez-Barahona, Jes\'us M.},
  booktitle={ProSim'05},
  year={2005}
}
@misc{aframe2025,
  author       = {{A-Frame}},
  title        = {A web framework for building virtual reality experiences},
  howpublished = {\url{https://aframe.io/}},
  note         = {Consultado el 6 de abril de 2025},
  year         = {2025}
}

@misc{aframe2025docs,
  author       = {{A-Frame}},
  title        = {A web framework for building virtual reality experiences},
  howpublished = {\url{https://aframe.io/docs/1.7.0/introduction/}},
  note         = {Consultado el 6 de abril de 2025},
  year         = {2025}
}
@book{dirksen2013learning,
  title={Learning Three. js: the JavaScript 3D library for WebGL},
  author={Dirksen, Jos and others},
  volume={3},
  year={2013},
  publisher={Packt Publishing Livery Place, UK}
}
@misc{w3c_webxr,
  author       = "{W3C}",
  title        = "{WebXR Device API}",
  howpublished = "\url{https://www.w3.org/TR/webxr/}",
  year         = {2024},
  note         = "[Accedido: 7 de abril de 2025]",
}
@misc{webvr-spec,
  author = {W3C Immersive Web Community Group},
  title = {WebVR 1.1 Specification},
  year = {2017},
  url = {https://immersive-web.github.io/webvr/spec/1.1/},
  note = {Superseded by WebXR Device API}
}
@misc{webgl-khronos,
  author = {Khronos Group},
  title = {WebGL Overview},
  url = {https://www.khronos.org/webgl/},
  note = {Official website of the WebGL standard by Khronos Group}
}
@misc{w3c-html-intro,
  author = {World Wide Web Consortium},
  title = {What is HTML?},
  url = {https://www.w3.org/html/},
  note = {Introduction to HTML by the W3C}
}
@misc{mdn_javascript_intro_es,
  author = {Mozilla Developer Network},
  title = {¿Qué es JavaScript?},
  url = {https://developer.mozilla.org/es/docs/Web/JavaScript/¿Qué_es_JavaScript},
  note = {Introducción a JavaScript en MDN en español}
}

@misc{assemblyai_about,
  author = {AssemblyAI},
  title = {AssemblyAI - AI models to transcribe and understand speech},
  url = {https://www.assemblyai.com/},
  note = {Official website of AssemblyAI}
}

@misc{mdn_javascript_data_structures,
  author = {Mozilla Developer Network},
  title = {Estructuras de datos y tipos en JavaScript},
  url = {https://developer.mozilla.org/es/docs/Web/JavaScript/Data_structures},
  note = {Documentación sobre tipos de datos primitivos, objetos y arrays en JavaScript por MDN en español}
}

@misc{whisper,
  author = {Radford, Alec and Kim, Jong Wook and Xu, Tao and Brockman, Greg and McLeavey, Christine and Sutskever, Ilya},
  title = {Robust Speech Recognition via Large-Scale Weak Supervision},
  publisher = {OpenAI},
  year = {2022},
  howpublished = {\url{https://github.com/openai/whisper}},
}
@misc{whisperweb,
  author = {Xenova},
  title = {Whisper Web - Robust Speech Recognition in the Browser},
  howpublished = {\url{https://huggingface.co/spaces/Xenova/whisper-web}},
  year = {2022},
  note = {Hugging Face Space},
}

@misc{web_speech_api,
  author = {Mozilla},
  title = {Web Speech API - Web APIs | MDN},
  publisher = {MDN Web Docs},
  year = {2025},
  howpublished = {\url{https://developer.mozilla.org/en-US/docs/Web/API/Web_Speech_API}},
}
@article{adorf2013web,
  title={Web speech API},
  author={Adorf, Julius},
  journal={KTH Royal Institute of Technology},
  volume={1},
  year={2013}
}
@misc{aframeComponent,
  author = {Supereggbert},
  title = {aframe-htmlembed-component},
  year = {2025},
  url = {https://github.com/supereggbert/aframe-htmlembed-component},
  note = {Accessed: 2025-05-03}
}
